@misc{ionfyx_sobre,
    title = {Sobre Ionfyx},
    author = {Ionfyx},
    url = {https://ionfyx.com/sobre-ionfyx},
    year = {2025},
    note = {Accessed: 2025}
}

@misc{infosalus_tejido,
    title = {Investigadores españoles crean un tejido inteligente que estimula al organismo para que se recupere más rápido},
    author = {Infosalus},
    url = {https://www.infosalus.com/salud-investigacion/noticia-investigadores-espanoles-crean-tejido-inteligente-estimula-organismo-recupere-mas-rapido-20190219140141.html},
    note = {Accessed: 2025}
}

@misc{coolvio_fabric,
    title = {The Science Behind Coolvio® Patented Fabric Technology},
    author = {Coolvio},
    url = {https://coolvio.com/pages/light_therapy_for_dogs},
    note = {Accessed: 2025}
}

@misc{physics_uv_dark,
    title = {Ultraviolet light in dark environments},
    author = {Physics Stack Exchange},
    url = {https://physics.stackexchange.com/questions/214796/ultraviolet-light-in-dark-environments},
    note = {Accessed: 2025}
}

@misc{ionfyx_rodillera,
    title = {rodillera-ion},
    author = {Ionfyx},
    url = {https://ionfyx.com/tienda/rodillera-ion},
    year = {2025},
    note = {Accessed: 2025}
}

@misc{olas_peru_neopreno,
    title = {¿Usar gorritos de neopreno realmente nos protege de los rayos UV?},
    author = {Olas Perú},
    url = {https://www.olasperu.com/noticias/surf/06082016-1/usar-gorritos-de-neopreno-realmente-nos-protege-de-los-rayos-uv},
    note = {Accessed: 2025}
}

@misc{skin_cancer_clothing,
    title = {Sun Protective Clothing},
    author = {Skin Cancer Foundation},
    url = {https://www.skincancer.org/skin-cancer-prevention/sun-protection/sun-protective-clothing/},
    note = {Accessed: 2025}
}

@article{ceramic_infrared_pmc,
    title = {Physical properties and biological effects of ceramic materials emitting infrared radiation for pain, muscular activity, and musculoskeletal conditions},
    author = {PMC},
    journal = {PMC},
    url = {https://pmc.ncbi.nlm.nih.gov/articles/PMC10084378/},
    note = {Accessed: 2025}
}

@misc{infraworld_heaters,
    title = {Types of infrared heaters in an infrared cabin},
    author = {Infraworld},
    url = {https://www.infraworld.com/en/useful-information/types-of-infrared-heaters},
    note = {Accessed: 2025}
}

@article{frontiers_infrared,
    title = {Can infrared light really be doing what we claim it is doing ...},
    author = {Frontiers in Neurology},
    journal = {Frontiers in Neurology},
    url = {https://www.frontiersin.org/journals/neurology/articles/10.3389/fneur.2024.1398894/full},
    note = {Accessed: 2025}
}

@misc{braceability_neoprene,
    title = {Neoprene Knee Sleeve | Neoprene Knee Braces, Neoprene Knee Support},
    author = {BraceAbility},
    url = {https://www.braceability.com/collections/neoprene-knee-braces},
    note = {Accessed: 2025}
}

@misc{trustpilot_ionfyx,
    title = {Opiniones sobre Ionfyx | Lee las opiniones sobre el servicio de ionfyx.com},
    author = {Trustpilot},
    url = {https://es.trustpilot.com/review/ionfyx.com},
    note = {Accessed: 2025}
}

@misc{harvard_placebo,
    title = {The power of the placebo effect},
    author = {Harvard Health},
    url = {https://www.health.harvard.edu/newsletter_article/the-power-of-the-placebo-effect},
    note = {Accessed: 2025}
}

@misc{ocu_ionfyx_complaint,
    title = {PROBLEMA CON EL REMBOLSO - Reclamaciones y opiniones IONFYX},
    author = {OCU},
    url = {https://www.ocu.org/reclamar/lista-reclamaciones-publicas/problema-con-el-rembolso/556d6f64a6f5fe28dd},
    year = {2024},
    month = {October},
    day = {15},
    note = {Accessed: 2025}
}

@misc{ionfyx_main,
    title = {Ionfyx - Elimina el dolor con infrarrojos},
    author = {Ionfyx},
    url = {https://ionfyx.com/},
    year = {2025},
    note = {Accessed: 2025}
}

@misc{tiktok_ionfyx_negativas,
    title = {Ionfyx Opiniones Negativas},
    author = {TikTok},
    url = {https://www.tiktok.com/discover/ionfyx-opiniones-negativas},
    note = {Accessed: 2025}
}